@misc{Freebase,
  title = {Freebase: an open, shared database of the world's knowledge},
  howpublished = {\url{http://www.freebase.com/}}
}


@article{wikidata,
  author    = {Denny Vrandecic and
               Markus Kr{\"{o}}tzsch},
  title     = {Wikidata: a free collaborative knowledgebase},
  journal   = {{CACM}},
  volume    = {57},
  number    = {10},
  pages     = {78--85},
  year      = {2014}
}