

@inproceedings{GL1988,
	Author = {Michael Gelfond and Vladimir Lifschitz},
	Booktitle = {Proceedings of the 5th International Conference and Symposium on Logoc Programming, ICLP 1988},
	Pages = {1070--1080},
	Publisher = {The {MIT} Press},
	Title = {The Stable Model Semantics for Logic Programming},
	Year = 1988}





@article{amie,
  author    = {Luis Gal{\'{a}}rraga and
               Christina Teflioudi and
               Katja Hose and
               Fabian M. Suchanek},
  title     = {Fast rule mining in ontological knowledge bases with {AMIE+}},
  journal   = {{VLDB} J.},
  volume    = {24},
  number    = {6},
  pages     = {707--730},
  year      = {2015}
}



@article{quickfoil,
  author    = {Qiang Zeng and
               Jignesh M. Patel and
               David Page},
  title     = {QuickFOIL: Scalable Inductive Logic Programming},
  journal   = {{PVLDB}},
  volume    = {8},
  number    = {3},
  pages     = {197--208},
  year      = {2014}
}

@article{dllearner,
   author              = {Jens Lehmann},
   title               = {{DL}-{L}earner: Learning Concepts in Description Logics.},
   journal             = {Journal of Machine Learning Research},
   year                = {2009},
   pages               = {2639-2642}
}

@inproceedings{whatisasp,
  author    = {Vladimir Lifschitz},
  title     = {What Is Answer Set Programming?},
  booktitle = {Proceedings of the Twenty-Third {AAAI} Conference on Artificial Intelligence,
               {AAAI} 2008, Chicago, Illinois, USA, July 13-17, 2008},
  pages     = {1594--1597},
  year      = {2008}
}

@inproceedings{winograd_peter,
  author    = {Peter Sch{\"{u}}ller},
  title     = {Tackling Winograd Schemas by Formalizing Relevance Theory in Knowledge
               Graphs},
  booktitle = {Proceedings of the 14th International Conference on Principles of Knowledge Representation and Reasoning, {KR} 2014},
  pages = {358--367},
  year      = {2014}
}

@inproceedings{winograd_2,
  author    = {Dan Bailey, Amelia Harrison, Vladimir Lifschitz, and Julian Michael},
  title     = {The Winograd Schema Challenge and Reasoning about Correlation},
  booktitle = {Working Notes of the Symposium on Logical Formalizations of Commonsense Reasoning},
  year      = {2015}
} 


@inproceedings{qa,
  author    = {Yana Todorova and
               Michael Gelfond},
  title     = {Toward Question Answering in Travel Domains},
  booktitle = {Correct Reasoning - Essays on Logic-Based {AI} in Honour of Vladimir
               Lifschitz},
  pages     = {311--326},
  year      = {2012}
}

@inproceedings{M59,
  author = {John McCarthy},
  title = {Programs with Common Sense},
  booktitle = {TeddingtonConference},
  year= {1959},
  pages = {75-91}
}

@article{semnet,
   author              = {J. Robinson},
   title               = {A machine-oriented logic based on the resolution principle},
   journal             = {Journal of the ACM},
  volume    = {12},
  number    = {6},
   year                = {1965},
   pages               = {23-41},
}

@incollection{frames,
  author = {Marvin Minsky},
  booktitle = {Readings in Knowledge Representation},
  pages = {245-262},
  publisher = {Kaufmann},
  title = {A Framework for Representing Knowledge},
  year = 1985
}
@incollection{hayes79,
  author = {Hayes, P. J.},
  booktitle = {Frame Conceptions and Text Understanding},
  owner = {Mauro},
  pages = {46--61},
  title = {The Logic of Frames},
  year = 1979
}


@article{EIL08,
  author = "Thomas Eiter and Giovambattista Ianni and Thomas Lukasiewicz and Roman Schindlauer and Hans Tompits",
  title = "Combining answer set programming with description logics for the Semantic Web",
  journal = "Artificial Intelligence",
  volume = "172",
  number = "12-13",
  pages = "1495--1539",
  month = "August",
  year = "2008"
}

@inproceedings{iswc2016,
  author    = {Mohamed H. Gad{-}Elrab and
               Daria Stepanova and
               Jacopo Urbani and
               Gerhard Weikum},
  title     = {Exception-Enriched Rule Learning from Knowledge Graphs},
  booktitle = {The Semantic Web - {ISWC} 2016 - 15th International Semantic Web Conference,
               Kobe, Japan, October 17-21, 2016, Proceedings, Part {I}},
  pages     = {234--251},
  year      = {2016}
}

@INCOLLECTION{W96,
Author = {Stefan Wrobel},
Booktitle = {Advances in Inductive Logic Programming},
Editor = {Luc De Raedt},
Pages = {14 {--}{--} 33},
Publisher = {IOS Press, Amsterdam},
Title = {First Order Theory Refinement},
Year = {1996}
}

@inproceedings{card,
  author    = {Paramita Mirza and
               Simon Razniewski and
               Werner Nutt},
  title     = {Expanding Wikidata's Parenthood Information by 178{\%}, or How To
               Mine Relation Cardinality Information},
  booktitle = {{ISWC} 2016 Posters {\&} Demos},
  year      = {2016},
  url       = {http://ceur-ws.org/Vol-1690/paper4.pdf},
  timestamp = {Wed, 28 Sep 2016 08:54:30 +0200},
}

@inproceedings{BBG14,
  author    = {Meghyn Bienvenu and
               Camille Bourgaux and
               Fran{\c{c}}ois Goasdou{\'{e}}},
  title     = {Querying Inconsistent Description Logic Knowledge Bases under Preferred
               Repair Semantics},
  booktitle = {Proceedings of the Twenty-Eighth {AAAI} Conference on Artificial Intelligence, AAAI 2014},
  pages     = {996--1002},
  year      = {2014}
}

@inproceedings{DBLP:conf/rr/LemboLRRS10,
  author = "Domenico Lembo and Maurizio Lenzerini and Riccardo Rosati and Marco Ruzzi and Domenico Fabio Savo",
  title = "Inconsistency-Tolerant Semantics for Description Logic Ontologies",
  booktitle = "Proceedings of the 19th Italian Symposium on Advanced Database Systems",
  pages = "103--117",
  publisher = "Springer",
  address = "Bressanone/Brixen, Italy",
  month = "September",
  year = "2010"
}

@article{DBLP:journals/tplp/SakamaI03,
  author    = {Chiaki Sakama and
               Katsumi Inoue},
  title     = {An abductive framework for computing knowledge base updates},
  journal   = {Theory and Practice of Logic Programming},
  volume    = {3},
  number    = {6},
  year      = {2003},
  month     = {May},
  pages     = {671-713},
  ee        = {http://dx.doi.org/10.1017/S1471068403001716},
  bibsource = {DBLP, http://dblp.uni-trier.de}
}

@phdthesis{P2014,
	Author = {J\"org P\"uhrer},
	School = {Vienna University of Technology, Vienna, Austria},
	Title = {Stepwise Debugging in Answer-Set Programming: Theoretical Foundations and Practical Realisation.
Dissertation},
	Type = {PhD Thesis},
	Year = {2014},
	Bdsk-Url-1 = {http://www.dis.uniroma1.it/~lembo/thesis/main.pdf}}

@inproceedings{S06,
    AUTHOR = {Tommi Syrj{\"a}nen},
    TITLE = {{Debugging Inconsistent Answer-Set Programs}},
    BOOKTITLE = {Proc. of the 11th Int. Workshop on Nonmonotonic Reasoning, (NMR'06), Lake District, England, UK},
    PAGES = {77--83},
    PUBLISHER = {University of Clausthal, Department of Informatics, Technical Report, IfI-06-04},
    YEAR = {2006},
}

@article{HLH13,
  author    = {Shasha Huang and
               Qingguo Li and
               Pascal Hitzler},
  title     = {Reasoning with inconsistencies in hybrid {MKNF} knowledge bases},
  journal   = {Logic Journal of the {IGPL}},
  volume    = {21},
  number    = {2},
  pages     = {263--290},
  year      = {2013}
}

@inproceedings{DBLP:conf/kr/Fink12,
  author    = "Michael Fink",
  title     = "Paraconsistent Hybrid Theories",
  booktitle = "Principles of Knowledge Representation and Reasoning: Proceedings of the 13th International Conference, KR",
  pages = "141--151",
  publisher = "American Association for Artificial Intelligence",
  address = "Rome, Italy",
  month = "June",
  year = "2012"
}

@inproceedings{OPT12,
  author    = {Johannes Oetsch and
               J{\"o}rg P{\"u}hrer and
               Hans Tompits},
  title     = {Stepwise Debugging of Description-Logic Programs},
  booktitle = {Correct Reasoning},
  year      = {2012},
  pages     = {492-508},
  ee        = {http://dx.doi.org/10.1007/978-3-642-30743-0_34},
  crossref  = {DBLP:conf/birthday/2012lifschitz},
  bibsource = {DBLP, http://dblp.uni-trier.de}
}


@inproceedings{DBLP:conf/esws/PuhrerHE10,
  author = "J{\"o}rg P{\"u}hrer and Stijn Heymans and Thomas Eiter",
  title = "Dealing with Inconsistency When Combining Ontologies and Rules Using {DL}-Programs",
  booktitle = "Proceedings of 7th Extended Semantic Web Conference, part I",
  pages = "183--197",
  publisher = "Springer",
  address = "Heraklion, Crete, Greece",
  month = "May-June",
  year = "2010"
}


@inproceedings{DBLP:conf/kr/CalvaneseOSS12,
  author    = {Diego Calvanese and
               Magdalena Ortiz and
               Mantas Simkus and
               Giorgio Stefanoni},
  title     = {The Complexity of Explaining Negative Query Answers in {DL}-{L}ite},
  booktitle = {Proceedings of the 13th International Conference on the Principles of Knowledge Representation and Reasoning},
  year      = {2012},
  month = {June},
  address = {Rome, Italy},
  publisher = {American Association for Artificial Intelligence}
}


@inproceedings{ref2,
  author    = {Hilde Ad{\'{e}} and
               Bart Malfait and
               Luc De Raedt},
  title     = {{RUTH:} an {ILP} Theory Revision System},
  booktitle = {Methodologies for Intelligent Systems, 8th International Symposium,
               {ISMIS} '94, Charlotte, North Carolina, USA, October 16-19, 1994,
               Proceedings},
  pages     = {336--345},
  year      = {1994}
}
@inproceedings{kakas,
  author    = {Yannis Dimopoulos and
               Antonis C. Kakas},
  title     = {Learning Non-Monotonic Logic Programs: Learning Exceptions},
  booktitle = {Machine Learning: ECML-95, 8th European Conference on Machine Learning,
               Heraclion, Crete, Greece, April 25-27, 1995, Proceedings},
  pages     = {122--137},
  year      = {1995}
}

@article{ref,
  author    = {Bradley L. Richards and
               Raymond J. Mooney},
  title     = {Automated Refinement of First-Order Horn-Clause Domain Theories},
  journal   = {Machine Learning},
  volume    = {19},
  number    = {2},
  pages     = {95--131},
  year      = {1995}
}


@misc {ilasp,
  author = "Law, Mark and Russo, Alessandra and Broda, Krysia",
  title  = "The {ILASP} system for learning Answer Set Programs",
  year   = "2015",
}

@article{iled,
  author    = {Nikos Katzouris and
               Alexander Artikis and
               Georgios Paliouras},
  title     = {Incremental learning of event definitions with Inductive Logic Programming},
  journal   = {Machine Learning},
  volume    = {100},
  number    = {2-3},
  pages     = {555--585},
  year      = {2015}
}

@article{DBLP:journals/datamine/AngiulliF14,
  author    = {Fabrizio Angiulli and
               Fabio Fassetti},
  title     = {Exploiting domain knowledge to detect outliers},
  journal   = {Data Min. Knowl. Discov.},
  volume    = {28},
  number    = {2},
  pages     = {519--568},
  year      = {2014}
}

@article{suzuki,
  author    = {Einoshin Suzuki},
  title     = {Data Mining Methods for Discovering Interesting Exceptions from an
               Unsupervised Table},
  journal   = {J. {UCS}},
  volume    = {12},
  number    = {6},
  pages     = {627--653},
  year      = {2006}
}



@article{DBLP:journals/ai/McCarthy80,
  author    = {John McCarthy},
  title     = {Circumscription - {A} Form of Non-Monotonic Reasoning},
  journal   = {Artif. Intell.},
  volume    = {13},
  number    = {1-2},
  pages     = {27--39},
  year      = {1980}
}



@article{DBLP:journals/ai/Reiter80,
  author    = {Raymond Reiter},
  title     = {A Logic for Default Reasoning},
  journal   = {Artif. Intell.},
  volume    = {13},
  number    = {1-2},
  pages     = {81--132},
  year      = {1980}
}

@inproceedings{DBLP:conf/frocos/EiterBDFIK09,
  author    = {Thomas Eiter and
               Gerhard Brewka and
               Minh Dao{-}Tran and
               Michael Fink and
               Giovambattista Ianni and
               Thomas Krennwallner},
  title     = {Combining Nonmonotonic Knowledge Bases with External Sources},
  booktitle = {Frontiers of Combining Systems, 7th International Symposium, FroCoS
               2009, Trento, Italy, September 16-18, 2009. Proceedings},
  pages     = {18--42},
  year      = {2009}
}


